@book{IEEE-1363,
  author={{IEEE Std 1363-2000}},
  title={{IEEE} Standard Specifications for Public-Key Cryptography},
  address={New York},
  publisher={IEEE},
  year={2000}
}
@TechReport{3V,
  title =        {3D Data Management: Controlling Data Volume, Velocity and Variety},
  author =       {Doug Laney},
  year =         2001,
  month =        Feb # "~06",
  institution =  "Gartner",
  url =          "http://blogs.gartner.com/doug-laney/files/2012/01/ad949-3D-Data-Management-Controlling-Data-Volume-Velocity-and-Variety.pdf"
}
