@inproceedings{1,
  title={Automatic web news extraction using tree edit distance},
  author={Reis, Davi De Castro and Golgher, Paulo B and Silva, ASd and Laender, AF},
  booktitle={Proceedings of the 13th international conference on World Wide Web},
  pages={502--511},
  year={2004},
  organization={ACM}
}
@inproceedings{2,
  title={Extracting structured data from web pages},
  author={Arasu, Arvind and Garcia-Molina, Hector},
  booktitle={Proceedings of the 2003 ACM SIGMOD international conference on Management of data},
  pages={337--348},
  year={2003},
  organization={ACM}
}
@article{3,
  title={Bootstrapping information extraction from semi-structured web pages},
  author={Carlson, Andrew and Schafer, Charles},
  journal={Machine Learning and Knowledge Discovery in Databases},
  pages={195--210},
  year={2008},
  publisher={Springer}
}
@book{4,
  title={A short survey of document structure similarity algorithms},
  author={Buttler, David},
  year={2004},
  publisher={United States. Department of Energy}
}
@article{5,
  title={Clustering template based web documents},
  author={Gottron, Thomas},
  journal={Advances in Information Retrieval},
  pages={40--51},
  year={2008},
  publisher={Springer}
}
@article{6,
  title={Text: Automatic template extraction from heterogeneous web pages},
  author={Kim, Chulyun and Shim, Kyuseok},
  journal={Knowledge and Data Engineering, IEEE Transactions on},
  volume={23},
  number={4},
  pages={612--626},
  year={2011},
  publisher={IEEE}
}
@inproceedings{7,
  title={Detecting structural similarities between XML documents},
  author={Flesca, Sergio and Manco, Giuseppe and Masciari, Elio and Pontieri, Luigi and Pugliese, Andrea},
  booktitle={Proc. of the Inter. ACM SIGMOD Workshop on The Web and Databases (WebDB)},
  pages={55--60},
  year={2002}
}
@Book{8,
author = {潘有能},
title = {XML挖掘：聚类、分类与信息提取},
publisher = {浙江大学出版社},
year = {2012},
}